2298 3170
486 113 625 169 IN
715 105 1067 169 PLUT

189 231 352 304 trestlue
377 237 485 281 inter
501 229 542 278 'se
569 229 940 297 distinguebantur
960 241 1079 292 (nam

189 318 334 352 caetera
374 304 628 348 communia
664 299 746 348 villis
781 306 913 357 erant)
956 316 1078 347 vetris

187 369 373 438 populus
404 374 629 417 Romanus
663 367 836 437 reliquis
874 370 1079 417 omnibus

187 439 350 504 semper
399 436 650 504 anteposuit,
699 454 750 485 ut
803 441 852 485 L.
883 438 1079 486 Caecilius

188 505 406 564 Metellus,
441 511 512 570 Q
533 504 731 555 Caecilius
757 503 983 555 Metellus:
1022 513 1075 556 C.

187 579 360 623 Porcius
388 581 517 632 Cato,
545 578 614 624 M
641 578 815 623 Porcius
830 579 969 624 Cato:
991 581 1076 623 Cn.

190 642 386 692 Servilius
413 649 582 711 Caepio,
603 642 870 706 QServilius
898 649 1079 710 Caepio.-

189 712 292 759 Tib.
322 717 596 779 Sempronius
630 710 862 768 Gracchus,
882 718 935 760 C.
963 718 1082 760 Sem-

190 786 366 846 pronius
395 780 610 830 Gracchus
631 802 640 827 :
678 784 746 828 M.
771 779 887 827 Tull.
907 785 1077 838 CicerO,

190 853 252 910 Q
281 847 450 897 Tullius
481 855 649 897 Cicero.
686 851 746 896 At
775 853 975 897 citerioris
1001 856 1080 898 aevi

191 915 457 975 hominibus,
485 917 606 985 quod
631 915 852 973 ultimum,
872 916 957 965 sive
979 937 1083 987 cog-

190 1003 372 1042 nomen,
407 990 633 1052 proprium
664 1004 827 1033 nomen
851 985 958 1034 illud
983 984 1078 1044 fuit,

192 1071 240 1101 ut
268 1056 456 1103 Annaeus
481 1058 698 1110 Novatus,
736 1057 926 1103 Annaeus
957 1060 1083 1103 Sene-

189 1140 252 1177 ca,
300 1125 490 1171 Annaeus
528 1121 662 1184 Mela,
710 1122 869 1178 fratres,
908 1125 1080 1171 Annaeo

193 1195 349 1238 Seneca
388 1191 574 1241 Rhetore
623 1207 756 1256 patre,
792 1189 900 1235 sicut
940 1191 1081 1237 videre

191 1260 250 1305 est
275 1264 321 1305 in
346 1258 477 1307 titulis
499 1258 566 1307 vel
585 1256 928 1322 inscriptionibus
951 1255 1084 1305 libro-

188 1345 288 1374 rum
319 1332 423 1375 LII.
443 1336 487 1374 &
511 1330 567 1373 V.
596 1323 1003 1372 Controversiarum
1031 1324 1082 1374 il-

188 1393 284 1450 lius,
322 1394 397 1440 ubi
421 1391 586 1449 ordine,
626 1410 718 1461 quo
746 1392 848 1452 dixi,
882 1391 957 1441 etsi
980 1414 1084 1463 cog—

188 1461 440 1510 nominibus
481 1459 589 1518 solis,
626 1459 914 1509 recensentur:
951 1462 1084 1531 idque

190 1528 443 1596 compendii
470 1530 619 1588 caussa,
657 1538 702 1578 &
734 1548 856 1577 more
884 1529 958 1578 sub
986 1537 1084 1580 Cae-

189 1596 343 1645 faribus
369 1615 569 1664 recepto-‚
606 1603 684 1667 qui
707 1598 805 1655 suit,
843 1618 891 1647 ut
913 1605 1084 1669 quoties

190 1665 381 1731 pluribus
412 1668 661 1716 nominibus
693 1668 897 1716 abstinere
939 1667 1084 1736 placu-

191 1733 295 1791 isset,
331 1734 418 1783 solo
467 1740 744 1804 cognomine,
791 1736 836 1785 id
874 1738 947 1793 est,
984 1756 1085 1804 pro-

190 1807 288 1867 prio
312 1821 675 1872 unumquemque
688 1803 977 1875 designarent.
1030 1813 1086 1856 E-

191 1869 323 1917 odem
349 1869 486 1918 modo
520 1872 623 1919 dieti
651 1871 745 1920 sunt
771 1873 898 1921 Titus
917 1874 1084 1924 Flavius

191 1936 485 2005 Vespasianus,
522 1941 648 1987 Titus
690 1939 854 1989 Flavius
887 1944 1081 2000 Sabinus,

192 2007 320 2053 Titus
354 2004 515 2054 Flavius
561 2011 704 2055 Petro:
752 2007 820 2056 vel
870 2011 1084 2059 brevitatis

193 2073 337 2139 gratia,
372 2073 663 2140 Vespasianus,
714 2076 906 2134 SabiimS‚
944 2083 1083 2137 Petro,

193 2143 259 2189 isti
283 2140 418 2198 liberi,
454 2142 523 2190 hic
548 2162 702 2191 eorum
735 2162 854 2210 pater
876 2147 992 2212 apud
1027 2154 1080 2196 C.

194 2209 504 2280 Tranquillum
544 2209 640 2260 libri
692 2229 801 2261 vm.
855 2220 1081 2282 principio,

198 2285 243 2324 δε
269 2278 475 2346 deinceps.
547 2285 629 2328 His
657 2287 837 2348 geminis
863 2284 1083 2350 exemplis,

200 2362 247 2392 ut
273 2344 350 2395 alia
378 2346 499 2412 plura
517 2347 617 2397 huic
643 2348 795 2397 chartae
816 2348 973 2399 illinere
989 2352 1087 2400 nul-

198 2409 236 2460 la
264 2414 496 2463 necessitate
523 2436 714 2486 pergam,
741 2417 877 2487 liquet
904 2418 1086 2468 manife-

198 2480 380 2538 stissime,
419 2501 581 2549 patrem
608 2497 651 2535 ὃς
678 2485 828 2535 liberos
858 2506 949 2535 non
983 2507 1088 2555 prae-

197 2551 464 2606 nominibUS,
500 2570 547 2599 ut
573 2553 694 2611 olim,
717 2552 785 2601 sed
817 2554 977 2604 ultimis
1002 2576 1083 2604 no-

180 2618 385 2681 -inisaiBus
419 2623 602 2667 extincta
641 2622 830 2671 libertate
870 2622 987 2673 fuisse
1025 2626 1088 2674 di-

197 2685 386 2733 structos.
444 2685 581 2747 Qiod
607 2706 655 2737 ut
677 2695 802 2740 initio
825 2697 1087 2759 principatus

199 2771 290 2802 non
316 2756 456 2802 stricte
484 2753 694 2805 servatum
725 2760 997 2822 confitemur,
1031 2761 1089 2812 sic

1118 105 1703 168 ARCHUM,
1909 126 2022 185 547

1127 242 1180 272 eo
1210 224 1436 276 senescente
1472 226 1556 278 sere
1589 227 1743 294 passim
1778 244 2019 292 acceptum,

1120 312 1178 341 ex
1211 300 1491 364 antiquorum
1528 295 1710 345 lec-Trione
1748 294 2020 344 notissimum

1121 362 1346 411 habemus.
1418 371 1567 435 Itaque
1613 363 1878 426 Plutarchus,
1905 367 2019 412 reffite

1128 431 1307 500 quidem
1345 442 1391 482 ²&
1433 433 1760 483 accommodate
1798 433 1852 482 ad
1893 432 2020 482 suum

1128 518 1287 558 aevum,
1304 518 1468 551 nomen
1497 509 1723 569 proprium
1741 504 1837 570 post
1860 500 2020 570 reliqua

1116 575 1278 625 somnia
1309 577 1417 637 poni
1452 570 1626 619 solitum
1663 571 1882 618 adfirmat:
1919 577 2020 640 quia

1129 651 1275 686 tamen
1297 640 1578 689 Posidonium
1602 639 1703 687 inde
1731 657 1926 687 autumat
1954 646 2020 700 ju-

1123 725 1171 754 re
1203 709 1316 774 posse
1343 707 1544 767 vellicari,
1581 714 1724 757 minus
1760 713 1807 756 in
1835 714 2022 775 antiquis

1129 780 1333 843 principis
1372 777 1481 825 illius
1528 777 1680 844 populi
1725 776 1861 833 rebus,
1899 775 2022 844 quod

1129 850 1340 893 rationem
1367 842 1603 895 nominum
1628 851 1791 901 attinet,
1812 844 2023 893 versatum

1130 911 1166 959 se
1189 912 1440 963 manifestat.
1493 917 1563 963 Est
1587 919 1704 962 enim
1729 913 1936 961 veriffime
1958 912 2024 960 lo—

1130 999 1292 1049 quutus
1320 1002 1400 1049 pro
1421 982 1515 1052 lege
1541 1003 1589 1032 ac
1617 1000 1737 1029 more
1764 979 1824 1028 sui
1854 998 2024 1047 tempo-

1130 1055 1183 1096 ris
1209 1050 1475 1108 Posidonius,
1492 1056 1570 1119 qui
1598 1066 1716 1098 aetate
1731 1054 1918 1098 Panaetio
1931 1051 2026 1116 sup-

1130 1135 1207 1181 par
1247 1118 1343 1174 fuit,
1390 1128 1435 1168 δε
1470 1124 1664 1168 Romam
1697 1122 1817 1166 venit
1845 1117 1918 1165 sub
1954 1122 2023 1166 M.

1132 1183 1355 1243 Marcello,
1393 1204 1441 1234 ut
1468 1187 1593 1236 tradit
1630 1186 1792 1243 Suidas,
1828 1186 1858 1234 si
1886 1184 2026 1235 modo

1130 1271 1232 1301 eum
1269 1252 1509 1324 intelligit,
1536 1261 1717 1324 quicum
1758 1273 1926 1324 pugnat
1957 1253 2027 1302 hic

1130 1319 1391 1371 Plutarchus.

1200 1392 1460 1461 Utcumque
1496 1411 1641 1441 autem
1680 1391 1746 1449 fit,
1791 1397 1879 1454 jam
1917 1410 2028 1441 certe

1131 1456 1241 1507 illius
1268 1460 1535 1526 temporibus
1558 1459 1649 1509 haec
1679 1458 1829 1509 eadem
1867 1459 1921 1508 de
1946 1479 2027 1508 no—

1131 1529 1320 1576 minibus
1345 1528 1593 1596 disceptatio
1633 1530 1890 1578 movebatur
1919 1534 2029 1578 inter

1131 1596 1334 1654 eruditos,
1374 1607 1418 1645 &
1441 1601 1493 1646 ab
1518 1604 1696 1667 antiqua
1722 1597 2027 1647 consuetudine

1131 1667 1325 1735 plerique
1356 1665 1558 1715 decedere
1606 1664 1714 1715 nihil
1761 1668 2026 1725 verebantur,

1133 1751 1181 1782 ut
1206 1739 1399 1800 primum
1425 1754 1480 1784 an
1503 1734 1712 1785 ultimum
1739 1754 1905 1784 nomen
1932 1738 2030 1784 esset

1130 1802 1360 1870 proprium
1391 1803 1710 1872 appellandum,
1745 1809 1876 1853 etiam
1911 1805 2032 1853 docti

1131 1871 1329 1919 homines
1356 1872 1670 1930 addubitarent,
1743 1873 1830 1921 uod
1862 1893 1911 1922 ex
1942 1876 2029 1941 ipsa

1133 1939 1349 1988 Posidonii
1378 1960 1480 1989 cum
1506 1941 1582 1988 suis
1604 1893 1835 2009 aequsilibus
1854 1961 2028 1991 contro-

1132 2006 1263 2056 versia
1286 2013 1508 2056 evincitur.
1548 2013 1602 2056 Et
1627 2009 1822 2077 quidem,
1840 2029 1893 2057 ne
1918 2013 2027 2080 quid

1133 2075 1237 2124 dolo
1263 2074 1380 2124 malo
1402 2076 1661 2125 dissimulem
1688 2095 1761 2126 aut
1775 2096 1947 2145 negem,
1960 2099 2027 2129 to-

1134 2161 1224 2192 tam
1252 2143 1369 2193 illam
1384 2150 1691 2195 Romanorum
1708 2152 1943 2195 nominum
1958 2170 2028 2199 ve-

1133 2231 1267 2261 terem
1304 2219 1532 2272 rationem,
1578 2214 1652 2263 sub
1696 2219 2060 2282 Imperatoribus-

1133 2287 1358 2349 praecipue,
1375 2289 1488 2333 varie
1510 2282 1629 2331 fuisse
1646 2288 1925 2331 immutatam
1956 2293 2028 2335 cui

1134 2368 1226 2398 non
1250 2365 1554 2418 compertum?
1592 2357 1679 2399 Cui
1706 2362 1768 2411 (&
1801 2350 1885 2400 hoc
1924 2353 2027 2404 dicis

1135 2420 1272 2467 causs'a
1305 2419 1463 2477 dicam)
1504 2419 1556 2468 de
1590 2424 1825 2468 nominum
1854 2442 2026 2473 eorum-

1136 2485 1236 2535 dem
1262 2486 1414 2536 ordine
1438 2507 1486 2536 ac
1516 2507 1699 2536 numero
1719 2505 1809 2536 tarn
1838 2494 1884 2537 in
1911 2491 2025 2542 sena-

1136 2556 1299 2604 toribus
1326 2574 1462 2623 quam
1492 2561 1539 2603 in
1569 2558 1797 2624 equitibus,
1833 2558 2026 2624 plebeiis,

1139 2633 1183 2672 &
1229 2644 1252 2671 e
1291 2622 1456 2672 servitio
1507 2623 1706 2682 liberatis,
1749 2630 1826 2693 qui
1867 2647 2028 2699 magna

1136 2696 1416 2739 contentione
1440 2696 1688 2741 animorum
1704 2693 1856 2770 χθὲςιέ
1873 2701 2028 2767 πξώζω

1139 2765 1238 2809 Car.
1262 2765 1460 2826 Sigonius
1491 2769 1536 2811 δε
1565 2767 1761 2813 Francisc.
1798 2766 2029 2818 Robortel-

1316 2832 1354 2877 Z
1369 2847 1394 2876 Z
1418 2848 1442 2877 Z
1471 2850 1498 2877 2
1950 2835 2028 2900 lug,
